<?xml version="1.0" encoding="UTF-8"?>
<collection xmlns:xsi="http://www.w3.org/2001/XMLSchema-instance" xsi:schemaLocation="http://www.loc.gov/MARC21/slim http://www.loc.gov/standards/marcxml/schema/MARC21slim.xsd" xmlns="http://www.loc.gov/MARC21/slim">
<record>
  <leader>01329mam a2200301 a 4500</leader>
  <controlfield tag="001">1362126</controlfield>
  <controlfield tag="003">NNC</controlfield>
  <controlfield tag="005">20130520191042.0</controlfield>
  <controlfield tag="008">940125s1989    ir       b    001 0 ara d</controlfield>
  <datafield tag="010" ind1=" " ind2=" ">
    <subfield code="a">   91933794 /NE</subfield>
  </datafield>
  <datafield tag="035" ind1=" " ind2=" ">
    <subfield code="a">(OCoLC)25579863</subfield>
  </datafield>
  <datafield tag="035" ind1=" " ind2=" ">
    <subfield code="a">(OCoLC)ocm25579863</subfield>
  </datafield>
  <datafield tag="035" ind1=" " ind2=" ">
    <subfield code="9">AHL2986CU</subfield>
  </datafield>
  <datafield tag="035" ind1=" " ind2=" ">
    <subfield code="a">(NNC)1362126</subfield>
  </datafield>
  <datafield tag="035" ind1=" " ind2=" ">
    <subfield code="a">1362126</subfield>
  </datafield>
  <datafield tag="040" ind1=" " ind2=" ">
    <subfield code="a">NjP</subfield>
    <subfield code="c">NjP</subfield>
    <subfield code="d">NN</subfield>
    <subfield code="d">DLC-R</subfield>
  </datafield>
  <datafield tag="042" ind1=" " ind2=" ">
    <subfield code="a">lccopycat</subfield>
  </datafield>
  <datafield tag="050" ind1="0" ind2="0">
    <subfield code="a">BP193</subfield>
    <subfield code="b">.R38 1989 &lt;Orien Arab&gt;</subfield>
  </datafield>
  <datafield tag="100" ind1="1" ind2=" ">
    <subfield code="a">Rāwandī, Saʻīd ibn Hibat Allāh,</subfield>
    <subfield code="d">-1178.</subfield>
  </datafield>
  <datafield tag="245" ind1="1" ind2="3">
    <subfield code="a">al-Kharāʾij wa-al-jarāʾiḥ /</subfield>
    <subfield code="c">lil-faqīh Quṭb al-Dīn al-Rāwandī ; taḥqīq wa-nashr Muʾassasat al-Imām al-Mahdī.</subfield>
  </datafield>
  <datafield tag="250" ind1=" " ind2=" ">
    <subfield code="a">al-Ṭabʻah 1.</subfield>
  </datafield>
  <datafield tag="260" ind1=" " ind2=" ">
    <subfield code="a">Qum :</subfield>
    <subfield code="b">Muʾassasat al-Imām al-Mahdī,</subfield>
    <subfield code="c">1409 [1989]</subfield>
  </datafield>
  <datafield tag="300" ind1=" " ind2=" ">
    <subfield code="a">3 v. (1316 p.) ;</subfield>
    <subfield code="c">25 cm.</subfield>
  </datafield>
  <datafield tag="504" ind1=" " ind2=" ">
    <subfield code="a">Includes bibliographical references (v. 3, p. [1301]-1316) and indexes.</subfield>
  </datafield>
  <datafield tag="505" ind1="0" ind2=" ">
    <subfield code="a">al-juzʾ 1. Fī muʻjizāt al-Nabī wa-al-aʾimmah ʻalayhi al-salām -- al-juzʾ 2. Fī iʻlām al-Nabī wa-al-aʾimmah ʻalayhi al-salām -- al-juzʾ 3. Fī umm al-muʻjizāt wa-al-farq baynahā wa-bayna al-ḥayl wa-nawādirihā.</subfield>
  </datafield>
  <datafield tag="650" ind1=" " ind2="0">
    <subfield code="a">Imams (Shiites)</subfield>
    <subfield code="v">Early works to 1800.</subfield>
  </datafield>
  <datafield tag="600" ind1="0" ind2="0">
    <subfield code="a">Muḥammad,</subfield>
    <subfield code="c">Prophet,</subfield>
    <subfield code="d">-632</subfield>
    <subfield code="x">Miracles</subfield>
    <subfield code="v">Early works to 1800.</subfield>
  </datafield>
  <datafield tag="710" ind1="2" ind2=" ">
    <subfield code="a">Muʼassasah-ʼi al-Imām al-Mahdī.</subfield>
  </datafield>
  <datafield tag="955" ind1=" " ind2=" ">
    <subfield code="b">CU01960768</subfield>
    <subfield code="d">off,glx</subfield>
    <subfield code="e">BP193 .R38 1989</subfield>
    <subfield code="v">v.2</subfield>
  </datafield>
</record>
</collection>